3108 5270
258 551 440 617 cognoscetur,
457 546 552 600 eumin
564 545 714 617 quibusdam
728 547 830 602 casibus
843 548 899 602 siue
912 548 1052 602 mutatione
1069 548 1155 618 aliqua
1168 566 1221 602 non
1238 549 1373 616 sulficere,
1390 558 1437 605 aut

256 651 361 715 praeter
372 642 477 712 cognita
489 659 599 713 corpora
610 643 791 713 perturbantis
804 646 927 698 obscuras
939 661 1075 714 superesse
1086 644 1307 714 perturbationum
1319 664 1436 700 caussas.

327 739 365 792 Ut
381 738 448 792 solvi
464 739 548 809 possit
564 738 613 790 hoc
631 737 811 807 gravimimum
828 739 972 812 problema,
995 739 1102 811 primum
1119 757 1226 794 necesse
1244 746 1285 793 est
1302 741 1434 811 praesidia

258 851 423 904 quaeramus,
440 834 533 904 quibus
550 835 591 887 usi
609 851 696 888 verum
714 851 747 886 ex
764 833 990 888 observationibus
1006 836 1118 889 fructum
1136 852 1230 905 capere
1244 837 1372 888 valeamus
1383 854 1429 907 pro

256 929 370 1002 ipsarum
386 929 518 992 bonitate,
542 945 624 998 neque
641 929 754 1000 propriis
776 929 908 986 amoribus
925 948 1007 983 novos
1025 929 1148 984 addamus
1171 948 1187 984 a
1204 931 1355 984 reductione
1372 947 1433 1001 pro-

256 1027 348 1078 fectus.
393 1025 517 1078 Absolute
534 1025 636 1094 quidem
653 1026 702 1078 hoc
720 1042 846 1094 nunquam
863 1024 966 1094 assequi
982 1025 1056 1090 licet,
1085 1043 1161 1096 quum
1178 1026 1220 1078 vel
1238 1024 1435 1094 diligentissima

256 1120 447 1173 Elementorum
463 1120 657 1174 reductionibus
674 1120 867 1174 incendentium
884 1119 1070 1191 pervestigatio
1093 1120 1198 1191 propius
1216 1120 1317 1190 quidem
1335 1121 1370 1174 ad
1386 1139 1434 1174 ve-

256 1215 360 1269 ritatem
378 1215 515 1280 sccedere,
540 1215 621 1285 ipsam
638 1216 775 1269 veritatem
792 1216 897 1286 assequi
914 1221 1038 1285 nequeat,
1066 1216 1114 1269 sed
1133 1216 1195 1268 illud
1213 1217 1365 1286 sperandum
1383 1222 1433 1280 est,

257 1312 326 1375 lore,
348 1316 378 1363 ut
393 1310 569 1365 seductionum
587 1313 723 1365 Elementa
738 1327 789 1379 pro
807 1310 886 1364 s'ns'ts’o
904 1321 931 1365 st
939 1311 1001 1383 fiac
1018 1317 1107 1366 certae
1123 1311 1223 1382 periodi
1241 1318 1293 1365 tam
1311 1319 1433 1365 accurate

257 1405 424 1470 deliniantur,
460 1412 490 1460 ut
511 1407 623 1476 ipsorum
646 1407 775 1478 praecisio
797 1405 953 1477 praecisioni
973 1407 1131 1477 respoudeat
1154 1408 1363 1460 observationum
1386 1407 1433 1460 illo
1524 1417 1525 1422 ’

257 1501 382 1572 temporis
399 1501 538 1556 interuallo
555 1503 737 1556 institutarum.
782 1502 866 1571 Hujus
883 1502 922 1555 rei
943 1503 1083 1573 periculum
1105 1503 1156 1555 leci
1178 1502 1373 1556 determinando
1390 1519 1432 1556 re·

257 1597 404 1651 ductiouum
420 1597 556 1651 Elementa
573 1596 678 1668 primum
700 1614 748 1666 pro
766 1598 849 1651 medio
871 1599 1005 1667 superiore
1022 1598 1124 1651 saeculo
1149 1616 1182 1651 ex
1199 1597 1367 1667 indagatione
1384 1599 1433 1651 ob-

257 1692 429 1746 servationum
452 1689 577 1760 Brsdlsji
596 1693 637 1760 ⁸),
667 1692 760 1745 deinde
782 1709 830 1762 pro
851 1693 983 1762 praesenti
1004 1698 1121 1764 tempore
1143 1711 1176 1745 ex
1198 1692 1433 1759 observationibus,

257 1805 323 1857 quae
340 1793 400 1840 sunt
416 1787 551 1841 institutae
572 1787 600 1839 in
622 1788 726 1857 specula
742 1788 948 1856 Regiosuontaua
967 1789 1015 1856 ”).
1066 1788 1125 1842 Jam
1149 1805 1205 1841 mes
1226 1789 1357 1842 sententia
1377 1788 1433 1841 Ad·
1524 1831 1525 1853 ,

255 1883 404 1936 suessiones
421 1887 510 1936 rectae
528 1888 555 1936 et
571 1881 764 1935 Declinationes
786 1882 884 1936 illarum
904 1879 1094 1936 86'Stellarum
1116 1883 1340 1938 tundamentnlium
1357 1881 1432 1936 Mss-

255 1975 354 2048 lrelyns's'
369 1995 418 2031 uec
435 1994 487 2031 non
504 1977 594 2030 stellae
611 1977 707 2048 polaris
732 1994 779 2048 pru
797 1978 904 2049 periodo
922 1979 956 2032 ab
973 1996 1040 2032 anno
1063 1977 1131 2030 1750
1152 1995 1232 2047 usque
1250 1979 1284 2031 sd
1301 1979 1367 2032 hauc
1383 1996 1434 2032 uo-

255 2079 336 2126 stram
359 2077 472 2126 aetatem
493 2076 569 2126 tante
593 2073 709 2142 gaudent
731 2072 906 2142 praecisione,
931 2079 961 2128 ut
982 2072 1079 2126 residui
1096 2090 1198 2126 errores
1216 2076 1358 2145 comparati
1375 2093 1433 2129 cum
1524 2103 1525 2128 ÷

256 2168 464 2222 observationum
481 2167 612 2221 erroribus
628 2184 676 2238 per
697 2167 764 2222 idem
788 2168 911 2240 temporis
932 2169 1042 2240 spatium
1064 2169 1238 2223 institutarum
1260 2170 1328 2224 baud
1345 2171 1433 2240 magui
1524 2177 1525 2180 ’

255 2265 308 2318 sint
329 2263 448 2317 ducendi.
500 2263 580 2327 Quod
600 2261 687 2316 verius
709 2263 786 2318 etiam
809 2265 863 2318 dici
884 2269 973 2335 potest
996 2265 1029 2317 de
1053 2264 1207 2318 differentiis
1229 2265 1433 2320 Adsceusionum
1524 2309 1525 2331 ,

254 2367 375 2416 rectarun
399 2364 427 2412 et
443 2356 648 2412 Declinationum
665 2376 741 2429 quam
764 2360 797 2413 de
814 2359 940 2414 absolutis
961 2377 1048 2413 earum
1064 2361 1183 2413 numeris.
1236 2360 1325 2423 Quare
1347 2361 1371 2413 si
1390 2362 1433 2414 tu·

255 2464 339 2510 turum
360 2462 460 2525 tempus
481 2452 636 2507 indicaverit
656 2471 758 2508 errores
782 2456 956 2509 absolutarum
978 2455 1234 2521 determinationum,
1260 2456 1431 2526 praecisione,

256 2570 322 2621 quae
339 2548 564 2604 observationibus
582 2551 616 2601 ab
634 2566 700 2602 annu
720 2548 788 2601 1750
809 2567 889 2620 usqne
910 2551 945 2604 sd
962 2557 1077 2604 nostram
1098 2557 1210 2605 aetatem
1231 2551 1358 2606 institutis
1376 2554 1431 2606 sul-

255 2646 338 2710 ficist,
361 2645 423 2714 quid
439 2643 500 2697 inde
516 2644 542 2696 iu
559 2643 723 2697 reductiones
740 2645 830 2699 barum
847 2646 1056 2700 observationum
1073 2646 1213 2711 redundet,
1233 2664 1281 2717 per
1297 2649 1432 2704 formulam

254 2761 271 2795 a
288 2743 344 2796 solo
362 2747 479 2811 tempure
496 2738 649 2809 pendentem
666 2739 700 2790 ad
717 2741 830 2793 calculos
847 2758 943 2794 vocure
959 2742 1072 2810 poteris,
1104 2759 1153 2795 uec
1170 2760 1234 2814 opus
1252 2743 1302 2796 erit
1318 2746 1431 2814 repetita

254 2845 281 2891 et
297 2836 476 2904 redintegrata
492 2834 658 2898 reductione,
679 2835 755 2888 modo
771 2834 864 2890 iisdem
880 2854 981 2907 semper
998 2837 1141 2890 Elementis
1157 2855 1219 2892 usus
1236 2839 1325 2896 fueris.

322 2933 465 2984 Praeterea
482 2930 506 2983 si
522 2930 714 2984 consideramus
728 2930 756 2982 in
769 2930 825 2984 dies
841 2939 999 2986 crescentem
1015 2933 1223 2987 observationum
1235 2934 1426 2999 multitudinem,

253 3027 279 3079 in
297 3045 348 3096 qua
366 3043 466 3096 semper
484 3026 614 3079 difficilius
631 3024 695 3090 erit,
718 3027 915 3081 observationes
932 3046 965 3082 es
981 3029 1076 3093 forma,
1098 3045 1148 3097 qus
1165 3029 1278 3098 proferri
1292 3029 1375 3082 solent
1391 3030 1425 3082 ab

252 3121 427 3186 Astronomis,
452 3139 553 3190 quaque
574 3121 686 3191 proferri
702 3123 744 3173 las
762 3128 816 3187 est,
840 3124 924 3177 mino
949 3124 1098 3194 complecti,
1125 3142 1172 3177 eas
1193 3125 1304 3195 stipatas
1326 3125 1429 3196 optabi-

253 3235 307 3269 mus
330 3218 406 3284 lunge
431 3217 528 3269 nrinore
545 3221 728 3270 momentorum
745 3234 862 3283 nurnero,
891 3218 926 3273 ad
949 3237 1015 3290 quse
1037 3219 1073 3284 is,
1105 3220 1149 3288 qui
1166 3221 1286 3290 planetae
1304 3221 1430 3275 theoriam

253 3313 417 3364 scrutandam
438 3311 490 3363 sibi
512 3313 664 3383 sumpserit,
686 3312 770 3382 possit
791 3330 892 3383 semper
915 3314 1014 3379 redire,
1046 3315 1141 3369 omissa
1158 3316 1319 3385 originalium
1337 3319 1428 3370 obser·

251 3407 383 3460 vationum
401 3423 471 3458 curn.
514 3407 566 3459 Pro
584 3406 759 3476 superioribus
776 3407 888 3477 planetis
905 3428 928 3463 e.
946 3428 972 3478 g.
989 3415 1106 3481 tempora
1124 3418 1151 3464 et
1167 3412 1224 3465 loca
1241 3411 1430 3482 oppositionmn
1524 3389 1525 3432 ³

252 3504 364 3555 sortasse
382 3501 459 3554 etiarn
477 3502 689 3570 qnadraturarnm
714 3503 791 3556 semel
808 3522 840 3557 ea
858 3523 909 3573 qua
931 3523 979 3575 par
996 3512 1037 3559 est
1054 3506 1189 3574 diligentia
1211 3524 1243 3558 er
1266 3506 1431 3560 observatiu—
1524 3515 1525 3546 l

253 3598 328 3650 nibus
351 3597 385 3650 ab
410 3614 477 3650 anno
504 3593 572 3648 1750
595 3596 721 3650 institutis
744 3598 777 3652 ad
801 3600 923 3652 calculum
947 3607 1056 3665 vocata,
1086 3602 1127 3654 bis
1152 3601 1283 3654 hodiernis
1306 3600 1430 3654 adhibitis

252 3691 402 3763 praesidiis,
419 3697 501 3746 tutam
513 3692 602 3745 barum
615 3693 823 3748 observationum
837 3695 930 3749 seriem
942 3697 1094 3750 brevissima
1108 3699 1191 3750 turma
1205 3697 1429 3767 comprehendent.
1524 3741 1525 3752 ,

322 3789 396 3841 llaec
418 3789 503 3841 omnia
523 3788 703 3858 complectenti
724 3790 784 3843 mibi
801 3791 904 3845 ridetur
923 3792 1057 3863 plurimum
1078 3793 1166 3846 valere
1189 3793 1223 3847 ad
1244 3795 1345 3846 futuros
1367 3808 1430 3862 pro-

150 3941 154 3954 ·
252 3901 358 3952 gressus
374 3883 403 3935 in
420 3883 569 3951 cognitione
586 3884 734 3954 systematis
752 3886 865 3952 Solaria,
889 3889 948 3941 loca
968 3890 1128 3958 planetarum
1150 3889 1184 3942 ab
1206 3904 1273 3942 auno
1297 3884 1364 3939 1750
1381 3887 1430 3940 ob-

253 3984 357 4032 servate
380 3995 454 4048 quam
477 3979 672 4047 diligentissime
696 3982 834 4034 secundum
856 3983 946 4037 eadem
969 4001 1071 4055 semper
1087 3983 1223 4038 Elementa
1243 3983 1271 4035 in
1295 3981 1431 4052 catalogos

252 4075 383 4141 redigere,
414 4081 443 4127 nt
459 4075 565 4143 quisque
581 4076 652 4127 locus
670 4077 802 4146 expositus
819 4079 846 4130 in
868 4079 918 4131 illis
940 4081 1106 4149 expluribus
1127 4076 1351 4132 observationibus
1375 4077 1431 4130 col-

252 4167 334 4220 lectus
352 4168 395 4221 sit.
432 4169 485 4222 Sed
502 4170 563 4240 quia
576 4171 684 4226 erasmum
699 4172 858 4242 planetarum
875 4175 993 4238 mendae
1009 4181 1095 4229 mutuo
1114 4175 1214 4230 vinculo
1231 4173 1301 4227 iuter
1319 4189 1347 4225 se
1366 4189 1431 4226 cou-

287 4325 305 4382 ')
323 4327 482 4374 Fundamenta
501 4332 657 4376 Astronomlao
674 4346 716 4390 pro
735 4336 799 4378 Anno
818 4335 874 4380 12⁵5.
909 4337 1064 4396 Regiomontl,
1082 4337 1139 4382 tels

274 4413 305 4468 ”j
325 4415 385 4459 vius
407 4417 510 4473 singulas
533 4427 611 4474 partes
635 4420 821 4466 obseruationum
845 4425 1054 4470 listronumlcsrum
1082 4425 1107 4469 ln
1129 4425 1223 4483 specula
1248 4423 1433 4480 Regiomontana

325 4485 451 4543 facierum,
478 4487 579 4545 duasque
597 4489 690 4544 iusuper
707 4491 894 4550 dissertationes,
923 4509 981 4551 quas
1007 4495 1144 4541 Academiae
1167 4496 1316 4540 scientiarum
1338 4494 1433 4538 Beroll·

325 4555 391 4599 neusl
408 4556 488 4602 diebus
506 4559 538 4604 lt.
556 4559 610 4603 Jnn.
630 4561 679 4604 leis
697 4569 720 4605 et
737 4563 771 4607 2⁴.
789 4561 861 4608 Mers.
881 4565 930 4608 1825
948 4565 1040 4612 tradidi.
