3108 5270
286 561 338 614 Pro
355 560 424 613 airis
443 559 571 612 densitate
588 588 631 608 =
651 559 679 624 t,
704 558 807 612 Tabula
824 563 983 613 constantem
1000 559 1175 614 Retractionis
1193 577 1322 615 nummum

700 675 718 704 n
735 683 779 703 =
796 653 903 720 57⁶,538

215 755 335 823 supponit

284 849 334 900 His
358 847 452 917 positia
476 846 623 910 elementis,
654 846 789 899 Retractio
818 847 948 899 invenitur
977 865 992 900 e
1015 849 1141 902 solutione
1165 848 1344 920 problematis,
1375 866 1392 903 a

213 941 347 1012 Ktompio
365 950 393 996 et
408 941 541 1010 Lsplacio
559 943 662 1014 prolati.
702 941 807 995 Tabula
823 960 875 995 non
892 943 967 996 modo
985 942 1161 996 Retractionis
1179 945 1291 998 valorem
1308 945 1391 999 conti·

214 1047 258 1092 net
274 1057 321 1110 pro
341 1038 356 1091 b
374 1068 418 1087 =
434 1038 495 1102 226
512 1045 542 1091 et
558 1061 575 1093 τ
591 1066 636 1088 =
653 1045 678 1093 τ’
694 1067 739 1088 =
756 1039 814 1103 50⁰,
844 1039 891 1092 sed
909 1041 987 1092 etiam
1004 1039 1177 1105 variationes,
1200 1057 1265 1110 quas
1282 1040 1326 1094 illa
1342 1059 1390 1112 ps·

213 1135 292 1199 titur,
315 1135 338 1186 si
356 1132 386 1201 b,
404 1157 435 1198 c,
459 1142 485 1188 τ’
502 1134 566 1186 alios
583 1132 764 1186 nanciscantur
781 1136 891 1189 valeres.
944 1136 998 1189 Sed
1020 1136 1069 1188 hae
1093 1135 1251 1190 variationes
1273 1137 1391 1192 theoriae

214 1231 396 1283 convenienter
414 1237 577 1299 computatae
595 1236 669 1294 sunt,
686 1247 783 1298 neque,
801 1219 830 1282 ut
847 1232 873 1282 in
890 1231 1020 1302 prioribus
1038 1233 1147 1285 Tabulis
1165 1232 1323 1303 suppositum
1340 1241 1391 1296 est,

213 1335 294 1378 totam
312 1325 503 1378 Retractionern
522 1325 644 1379 densitati
663 1326 732 1378 airis
755 1326 781 1379 in
799 1326 856 1379 loco
874 1328 1063 1380 observationis
1089 1345 1148 1380 esse
1165 1328 1391 1398 proportionalem.

213 1422 273 1485 Quo
291 1421 454 1475 accuratiore
472 1422 568 1479 calculo
587 1421 696 1474 effectus
713 1423 858 1474 Barornetri
876 1431 903 1474 et
917 1423 1105 1476 Thermometri
1123 1423 1257 1476 consensio
1271 1424 1392 1479 Tabulas

213 1536 271 1570 cnm
288 1518 514 1570 observationibus
531 1517 607 1570 valde
625 1526 703 1571 aucta
719 1525 768 1571 est.
804 1517 891 1570 Etiam
905 1517 956 1583 illi,
974 1518 1019 1587 qui
1037 1517 1120 1570 serius
1138 1518 1204 1572 hanc
1223 1538 1275 1573 rem
1292 1529 1392 1574 tracta·

213 1621 322 1678 vernnt,
346 1612 488 1684 exemplum
505 1613 624 1666 Tabulae
641 1631 714 1666 meae
738 1615 814 1684 plane
838 1614 921 1666 secuti
944 1621 1004 1667 sunt
1019 1615 1077 1683 plus
1094 1614 1219 1668 minusve.
1264 1617 1391 1671 'lbermo-

212 1716 335 1774 menum,
360 1710 433 1763 scala
450 1708 668 1762 Fahrenheitiana
684 1709 850 1774 instructum,
875 1726 926 1780 qno
943 1708 1086 1778 Bradlejuc
1103 1713 1227 1764 utebatur
1244 1713 1278 1766 ad
1295 1731 1393 1782 cogno-

213 1805 334 1859 scendum
360 1807 428 1860 aeris
453 1811 665 1875 temperaturam,
689 1822 767 1875 quum
792 1813 862 1858 esset
885 1823 972 1859 mense
990 1807 1086 1859 Octob.
1106 1805 1174 1858 1750
1195 1807 1222 1860 in
1243 1808 1326 1862 nivem
1343 1809 1393 1864 im-

213 1918 337 1966 mersum,
362 1909 483 1971 punctum
501 1899 638 1970 gelationis
655 1900 747 1954 habuit
762 1900 790 1953 in
806 1900 865 1965 330,
882 1901 932 1966 25,
950 1902 1017 1954 unde
1033 1903 1173 1972 supposui,
1199 1906 1319 1974 quoniam
1336 1909 1393 1959 snt-

212 1997 330 2050 ficientes
348 2004 438 2050 carent
455 1996 488 2050 de
505 1997 554 2050 hoc
571 1996 739 2049 instrumento
757 1995 987 2066 investigationes,
1019 2016 1105 2051 omnes
1122 2005 1310 2070 temperaturas
1328 2002 1392 2056 illud

211 2091 340 2146 indicasse
359 2091 431 2158 1025
449 2111 529 2163 supra
546 2109 636 2157 veras,
662 2109 725 2161 ergo
743 2092 872 2146 Tabulam
895 2094 982 2146 valere
1005 2105 1053 2163 pro
1073 2093 1165 2158 48⁰,75
1190 2097 1246 2148 veri
1263 2098 1392 2151 Thermo·

212 2190 287 2242 metri
305 2188 523 2242 Fahrenheitiani.
559 2189 726 2242 Retractione
743 2187 819 2257 hujus
837 2189 957 2242 Tabulae
974 2189 1122 2258 significata
1137 2208 1186 2260 per
1203 2189 1255 2255 δθ,
1272 2211 1349 2262 quum
1366 2194 1392 2246 A

212 2290 240 2337 et
258 2285 274 2338 1
293 2284 391 2338 numeri
409 2285 473 2350 sint,
490 2286 535 2354 qui
553 2284 579 2336 in
590 2285 694 2337 Tabula
711 2301 758 2354 pro
777 2301 930 2354 unaquaque
944 2284 1068 2337 distantia
1083 2285 1204 2339 zenithali
1217 2287 1392 2354 inveniantur,

211 2379 330 2446 lormuls,
347 2398 398 2449 qua
415 2398 480 2434 vera
496 2380 687 2451 computabitur
704 2379 838 2432 Reirsctio
856 2398 904 2451 pro
921 2381 1066 2434 Barometri
1083 2382 1218 2435 altitudine
1236 2382 1261 2449 b,
1283 2403 1331 2454 pro
1349 2386 1390 2438 in-

210 2475 381 2528 dicationibus
399 2475 532 2530 interioris
550 2482 579 2529 et
595 2475 733 2529 exterioris
750 2475 940 2530 Thermemetri
951 2477 987 2550 s'
1005 2477 1080 2550 ets,
1104 2477 1170 2530 erite

574 2572 588 2624 b

280 2615 321 2671 ‘⁹⁰
355 2659 801 2732 29,o11÷(sr-5o)0‚00010251
842 2569 1390 2689 A¹¹4U‘4⁸’⁷⁵)⁰‘⁰⁰²⁰⁸⁵³³l‘²

279 2776 360 2828 Annis
379 2774 447 2826 1820
464 2779 491 2826 et
510 2773 575 2825 1821
594 2781 729 2845 postquam
747 2771 878 2824 circulum
902 2771 1070 2825 meridianum
1092 2770 1338 2828 alleiclesbocbio
1362 2785 1390 2829 et

208 2869 320 2923 Ertellio
339 2871 498 2934 contectum,
524 2887 575 2940 quo
600 2875 654 2922 tum
677 2867 782 2939 specula
798 2867 1004 2934 Regiomontana
1023 2868 1153 2922 instmcta
1175 2876 1248 2934 erat,
1269 2870 1308 2924 ita
1325 2889 1389 2924 exa-

208 2967 381 3032 minaveram,
398 2972 428 3020 ut
445 2965 669 3019 observationibus
688 2964 736 3016 hoc
752 2961 923 3016 instrumento
941 2962 1066 3016 institutis
1085 2963 1193 3033 exiguas
1215 2965 1274 3018 illas
1292 2967 1390 3021 addere

208 3079 310 3134 possern
337 3062 527 3128 correctiones,
555 3079 623 3132 qnae
646 3078 663 3113 a
686 3058 798 3112 dordone
821 3059 983 3112 iustnrmenti
1007 3067 1035 3112 et
1060 3077 1076 3113 a
1098 3060 1233 3114 divisionis
1257 3063 1390 3116 erroribus

208 3160 351 3225 orirentur,
375 3175 505 3230 quumque
521 3157 716 3211 insunmentum
733 3155 772 3207 ita
789 3153 960 3207 examinatum
982 3155 1140 3209 certissimas
1158 3155 1324 3226 polliceretur
1341 3161 1390 3214 ob·

207 3255 385 3319 servationea,
409 3253 529 3309 methodo
551 3253 658 3324 insuper
681 3249 799 3304 adhibita
815 3250 1036 3304 Thermometrum
1061 3252 1139 3321 plane
1162 3253 1326 3320 corrigendi,
1355 3255 1390 3308 ad

207 3369 297 3406 novam
316 3349 490 3404 Retractionis
508 3347 636 3404 Tabulam
661 3347 819 3400 condendam
835 3346 1031 3399 observationes
1053 3347 1233 3415 pervestigari
1256 3349 1390 3404 stellarum

206 3447 240 3500 58
266 3444 502 3518 circumpolarium‚
525 3462 593 3515 quae
616 3461 633 3497 a
656 3442 732 3496 stella
757 3466 775 3498 a
796 3440 880 3494 Ursas
897 3439 1009 3494 minoris
1031 3443 1169 3496 culminant
1193 3460 1274 3512 nsque
1297 3446 1332 3498 ad
1350 3447 1391 3499 di-

207 3544 329 3596 stantiam
346 3541 499 3596 zenitlrslem
515 3540 564 3593 86ο
577 3540 627 3593 27¹.
677 3539 763 3602 Quum
781 3538 957 3590 Retractionis
979 3537 1150 3604 variationes,
1180 3547 1390 3610 atemperatura

206 3641 353 3710 prolectas,
385 3656 419 3693 ex
437 3635 664 3692 observationibus
685 3632 720 3686 56
744 3633 888 3699 stellarum,
918 3651 1025 3702 quarum
1043 3633 1168 3688 distantia
1185 3636 1322 3689 aenithalis
1339 3636 1390 3689 60⁰

206 3735 417 3800 transcenderet,
447 3732 618 3787 determinare
645 3747 749 3801 operam
776 3729 921 3793 dedissem,
950 3729 1051 3793 inveni,
1086 3730 1240 3785 densitatem
1266 3733 1336 3785 aeris
1362 3734 1389 3790 in

206 3837 381 3903 temperatura
398 3845 418 3884 x
434 3847 482 3902 pro
500 3829 572 3882 scala
589 3824 748 3881 centesimali
766 3825 957 3878 Thermometri
975 3826 1123 3880 sumendam
1141 3843 1200 3882 esse

806 3921 821 3972 1

627 3995 672 4018 Ξ
690 4008 943 4074 1÷x.0‚0036438

205 4113 236 4162 nt
252 4105 449 4162 observationes
466 4122 542 4176 qnam
559 4107 754 4159 accuratissime
770 4109 1036 4175 repraesentarentur.
1078 4102 1155 4156 Hunc
1176 4102 1279 4174 quidem
1296 4105 1389 4159 cosili-

205 4204 315 4258 oiontem
332 4203 388 4256 Cel.
409 4199 595 4274 Gay-busson
611 4201 712 4254 invenit
728 4229 773 4250 =
785 4199 915 4266 nonno,
941 4198 989 4253 sed
1006 4215 1083 4267 quum
1101 4199 1143 4251 lsio
1161 4217 1209 4271 pro
1226 4203 1289 4254 aire
1306 4201 1388 4266 sicco,

205 4302 279 4369 cnjus
296 4301 408 4370 majores
425 4300 481 4352 iere
498 4303 559 4351 aunt
575 4303 696 4368 respectu
713 4296 890 4350 Retractionis
907 4294 1075 4359 nutationes,
1099 4312 1176 4364 quarn
1193 4295 1262 4349 aeris
1279 4295 1388 4351 humore

204 4396 311 4461 satiati,
333 4412 453 4448 numerus
471 4395 589 4447 inventus
607 4411 623 4446 a
640 4411 680 4446 me
704 4392 789 4446 medio
807 4391 908 4445 cuidam
931 4391 1045 4444 humoris
1066 4389 1148 4443 statui
1170 4391 1326 4462 respondet,
1347 4391 1388 4446 ita

204 4499 236 4546 ut
258 4492 344 4564 posito
369 4491 418 4544 hoc
443 4495 530 4555 statu,
560 4487 603 4542 hic
627 4506 683 4542 cum
707 4487 750 4541 illo
769 4486 914 4541 consentiat
931 4503 1057 4541 numerus.
1102 4485 1186 4550 Quam
1209 4487 1243 4541 ob
1269 4504 1388 4542 caussam

204 4586 242 4640 illi
260 4604 364 4642 numero
383 4603 515 4640 nnmerum
531 4584 665 4655 praeferre
682 4601 733 4638 non
751 4583 869 4638 dubitavi
885 4601 976 4638 meum.
1029 4584 1112 4637 Porro
1130 4583 1179 4637 hac
1196 4584 1282 4656 posita
1300 4583 1389 4638 deter-
