3108 5270
249 574 278 616 et
295 559 389 625 a-e,
413 558 503 613 addita
520 558 667 612 variatione
684 575 731 628 per
752 557 961 622 ÷o,061uiea,
985 559 1075 612 valent
1099 576 1147 628 pro
1173 559 1235 610 Oct.
1253 556 1297 620 26,
1319 556 1391 608 Nos.
1413 555 1444 620 5,

252 657 284 710 15
309 664 376 721 etc,
407 654 479 724 atqui
501 655 566 706 haec
591 651 703 706 variatio
725 655 782 706 sine
807 654 922 707 sensibili
946 671 1037 707 errore
1054 653 1215 716 invenietur,
1240 652 1445 721 multiplicando

249 751 403 806 fractionem
420 750 472 801 diei
490 766 537 818 per
554 748 703 818 vigesimam
721 756 821 818 partem
838 767 950 802 summae
968 749 1135 803 differentiae
1154 748 1332 801 antecedentis
1350 755 1379 800 et
1396 749 1446 800 in-

251 846 392 918 sequentis.
437 847 497 897 Hoc
513 844 589 896 modo
607 844 760 914 Ephemeris
778 861 826 914 pro
844 845 1076 898 culminationibns
1098 867 1116 900 a
1134 842 1227 914 byrsa
1244 844 1271 896 in
1289 843 1445 898 Matidiam

251 942 458 1012 Regiomontano
475 939 619 992 invenitur:

595 1085 598 1112 ¹
711 1081 742 1136 Α.
761 1081 793 1136 lt
1062 1081 1134 1134 Decl.

468 1123 598 1249 leuel
653 1167 850 1198 »arv
996 1167 1191 1199 ww»

450 1292 510 1343 oa.
537 1287 571 1342 aa
624 1263 743 1352 ÷1l,59

450 1388 517 1438 Noc.
554 1384 570 1436 5
624 1383 742 1448 ,etan
791 1341 891 1406 ’32¹⁸

539 1479 570 1530 15
623 1479 743 1544 ÷1o,ao
790 1437 891 1499 '2³⁶¹
964 1491 992 1541 4

537 1573 570 1626 55
625 1587 653 1637 ÷
682 1573 743 1638 aas
791 1531 894 1594 ‘¹’97

451 1673 513 1725 nec.
555 1669 571 1720 5
625 1683 653 1732 ÷
682 1667 744 1733 aas
791 1624 892 1688 ’¹⁹2⁵

539 1765 571 1816 15
625 1764 745 1828 ÷7,1a
791 1721 894 1786 ‘⁰³4⁶

538 1858 571 1911 55
625 1871 653 1922 ÷
682 1858 744 1924 ase
791 1817 894 1882 ÷⁰’³⁶
965 1871 993 1922 ψ

326 2065 358 2116 II.
384 2062 413 2114 Si
425 2062 511 2132 plures
523 2059 640 2128 singulae
653 2059 743 2112 stellae
754 2057 952 2111 observationes
963 2058 1127 2112 reducendae
1136 2065 1197 2113 sunt
1209 2060 1243 2114 ad
1257 2059 1359 2114 initium
1374 2062 1448 2128 anni,

256 2179 279 2212 e.
297 2178 323 2228 g.
343 2159 377 2211 ad
395 2157 531 2227 Epochanr
549 2155 663 2224 catologi
681 2154 811 2207 stellarum
829 2153 1013 2223 componendi,
1038 2172 1121 2225 neque
1144 2158 1213 2226 quod
1236 2176 1268 2210 ex
1287 2174 1448 2228 unaquaque

257 2254 441 2308 observatione
459 2253 600 2322 separatim
618 2250 744 2321 prodeat,
768 2249 814 2301 sed
836 2249 945 2302 medium
962 2249 1038 2314 illud,
1061 2252 1130 2320 quod
1155 2271 1188 2305 ex
1214 2253 1447 2306 observationibus

256 2350 384 2404 universis
408 2357 511 2410 manet,
535 2347 712 2410 sciscitamur,
744 2345 946 2399 commodissime
970 2362 1013 2398 res
1038 2351 1149 2401 tractari
1172 2348 1286 2418 poterit,
1318 2349 1447 2402 adhibitis

257 2446 446 2516 quantitatibus
469 2442 534 2514 ipsis
559 2441 600 2505 A,
620 2440 662 2504 Β,
682 2439 719 2506 0,
739 2437 782 2504 D,
802 2464 832 2505 a,
859 2458 909 2493 non
928 2458 1015 2493 eorum
1033 2441 1203 2510 legarithmis.
1257 2445 1316 2506 Quo
1334 2445 1362 2495 in
1380 2463 1447 2497 casu

255 2543 374 2596 Tabudae
391 2541 455 2594 VIII
472 2557 534 2590 usus
553 2538 605 2590 erit
622 2537 655 2590 ad
673 2537 832 2590 condendam
849 2537 975 2590 Tabulam
994 2538 1276 2606 non-logarithmicam‚
1294 2539 1447 2592 mutandam

257 2640 283 2691 in
301 2639 366 2702 hoc,
393 2643 423 2690 ut
447 2635 472 2687 A
496 2641 523 2688 et
548 2656 566 2688 τ
590 2651 641 2685 non
660 2634 694 2686 ad
711 2632 811 2686 initium
830 2635 955 2702 cujusque
973 2634 1046 2698 anni,
1070 2635 1118 2686 sed
1135 2635 1169 2688 ad
1186 2636 1321 2705 Epocham
1342 2635 1378 2699 T,
1413 2635 1448 2688 ad

257 2752 332 2805 quam
349 2733 514 2786 reducendae
531 2729 584 2782 sint
601 2730 811 2792 observationes,
835 2730 992 2783 referantur.
1036 2731 1113 2794 Quod
1131 2730 1190 2784 fieri
1207 2736 1296 2802 potest
1311 2732 1449 2784 caloribus

256 2831 359 2884 Tabula
377 2829 506 2882 contentis
522 2827 637 2897 ipsorum
654 2825 681 2878 A
702 2832 729 2877 et
750 2848 767 2880 τ
790 2843 838 2895 pro
856 2843 956 2894 quoque
975 2843 1057 2890 anno,
1086 2827 1205 2880 addendo
1224 2845 1354 2881 numerum
1374 2827 1451 2881 iute-

257 2944 329 2994 grum
348 2923 444 2989 t-T,
476 2924 674 2992 teignificante
699 2939 791 2974 annum
815 2922 1012 2974 observationis.
1065 2923 1168 2974 Tabula
1185 2923 1450 2992 non-logarithsnica

259 3022 389 3074 commode
407 3018 504 3090 poterit
520 3018 689 3088 interpolari,
714 3017 782 3085 quod
802 3017 848 3072 ,vel
866 3017 1020 3069 commodius
1044 3017 1103 3069 fieri
1126 3024 1213 3088 potest
1232 3018 1378 3072 adhibendo
1398 3036 1451 3072 va-

259 3117 361 3170 valores
380 3115 551 3184 quantitatum
569 3112 593 3165 C
609 3120 636 3166 et
652 3111 681 3164 D
705 3131 752 3182 pro
771 3131 925 3182 unoquoque
944 3112 999 3176 dis,
1026 3113 1102 3165 datos
1126 3130 1172 3182 per
1195 3115 1263 3167 Tab.
1281 3115 1329 3168 IX.
1376 3115 1451 3168 Uni-
1549 3131 1550 3134 ’

259 3212 351 3278 cuique
367 3210 449 3276 igitur
472 3209 529 3262 loco
556 3209 691 3278 apparenti
715 3210 854 3261 observato
881 3210 983 3261 valores
1013 3209 1188 3262 adscribamus
1212 3211 1385 3280 quantitatum
1410 3211 1449 3274 A,

258 3305 301 3364 Β.
322 3304 357 3368 C,
378 3302 421 3367 D,
446 3328 478 3367 a,
501 3303 545 3366 Ε,
572 3305 798 3373 reductionemque
815 3304 965 3358 habebimus
984 3304 1061 3357 medii
1079 3305 1252 3369 arithmetici,
1276 3325 1309 3359 ex
1327 3307 1450 3362 omnibus

260 3401 486 3454 observationibus
505 3401 619 3464 collecti,
649 3418 725 3470 quum
749 3401 876 3470 producta
898 3401 1071 3454 addiderimus
1093 3401 1293 3454 coelficientinm
1312 3418 1340 3464 a,
1361 3401 1376 3452 l
1394 3411 1451 3455 etc.

260 3504 288 3550 et
312 3498 454 3549 mediormn
476 3496 695 3550 arithmeticorum
717 3515 751 3551 ex
777 3497 893 3550 omnibus
919 3498 1051 3550 caloribus
1075 3498 1249 3568 quantitatum
1271 3495 1306 3560 A,
1337 3495 1361 3548 B
1384 3505 1452 3562 ete,

260 3593 368 3664 sumptis
387 3591 468 3660 signis
487 3592 608 3648 inversis.

330 3715 375 3766 III.
412 3712 442 3764 Si
466 3712 556 3764 unicus
582 3713 673 3766 stellae
696 3713 769 3766 locus
794 3731 922 3784 apparens
948 3716 1088 3784 separatim
1105 3721 1147 3766 est
1164 3713 1342 3778 calculandus,
1367 3713 1452 3770 elim

260 3811 310 3863 hoc
329 3809 427 3880 poterit
444 3808 510 3861 satis
529 3809 660 3861 commode
677 3809 736 3862 fieri
760 3828 809 3879 ope
832 3811 907 3878 hujus
932 3820 1037 3864 nostrae
1059 3811 1193 3875 Tabulae,
1219 3810 1318 3863 duabus
1344 3809 1451 3879 qnidam

260 3906 418 3968 rationibus,
443 3921 550 3973 quarum
567 3905 651 3958 altera
669 3905 762 3958 nullam
780 3906 855 3960 aliam
874 3907 1100 3977 praeparationem
1118 3907 1248 3977 postulat,
1273 3906 1357 3958 altera
1374 3922 1451 3959 oom-

261 4001 363 4054 modior
380 4004 434 4063 est,
459 4016 538 4069 quum
556 4001 728 4054 necessariam
750 4003 803 4070 jam
826 4003 1017 4055 adhibuerimus
1038 4002 1273 4073 praeparationem.
1308 4002 1452 4056 Methodus

262 4097 334 4167 prior
351 4095 576 4164 interpolationem
594 4097 717 4167 supponit
734 4097 958 4166 Logarithmornm
975 4099 1089 4168 ipsorum
1100 4096 1126 4148 A
1139 4104 1166 4151 et
1177 4096 1204 4149 B
1219 4098 1246 4151 in
1259 4098 1363 4152 Tabula
1371 4097 1452 4164 VIII,

262 4193 309 4244 sed
327 4191 389 4261 quia
406 4191 554 4260 logarithmi
575 4192 690 4262 ipsorum
707 4192 732 4245 C
747 4203 774 4247 et
791 4191 820 4244 D
838 4194 865 4247 in
882 4195 972 4248 eadem
995 4195 1099 4248 Tabula
1121 4212 1174 4248 non
1198 4195 1263 4246 satis
1285 4191 1453 4247 uniformiter

264 4296 398 4353 crescunt,
422 4287 467 4357 qui
492 4291 624 4343 commode
647 4289 798 4359 interpolari
822 4291 937 4360 possint,
967 4291 1094 4344 Tabulam
1116 4289 1156 4344 III
1180 4289 1281 4358 adjeci,
1310 4307 1377 4358 quae
1399 4289 1451 4342 hos

263 4383 431 4450 logaritlrmos
454 4386 570 4438 continet
592 4404 639 4455 pro
664 4404 817 4455 unoquoque
842 4387 884 4439 die
907 4405 959 4440 non
982 4387 1063 4440 solum
1087 4403 1135 4458 pro
1155 4385 1223 4437 1750
1240 4387 1287 4438 sed
1304 4386 1382 4439 etiam
1399 4403 1451 4456 pro

267 4477 341 4529 1850.
377 4480 436 4532 Hoc
458 4481 533 4533 modo
559 4500 635 4550 quum
660 4481 771 4535 variatio
796 4483 934 4536 saecularis
959 4483 1116 4547 innotuerit,
1144 4500 1220 4534 verus
1242 4483 1316 4534 valor
1336 4482 1452 4536 inveniti

264 4575 362 4642 poterit
378 4591 426 4644 pro
444 4575 603 4631 intermediis
621 4578 702 4630 annis.
740 4579 794 4631 Sed
812 4579 838 4630 in
857 4581 905 4634 hoc
923 4581 983 4633 illud
1002 4580 1141 4635 notandum
1159 4587 1217 4644 sat,
1243 4579 1270 4632 in
1288 4579 1451 4649 legarithmis
