3108 5270
275 597 375 650 quaes
398 580 530 634 stellarum
551 580 616 633 locis
640 599 691 634 non
716 581 877 652 dependent,
903 581 931 634 in
954 581 1082 634 Tabulam
1106 581 1297 650 redegerimus,
1327 583 1399 651 cujus
1418 581 1447 634 sit

274 676 458 744 Argumentum
475 676 556 742 idem,
578 678 648 746 quod
663 678 717 746 jam
733 677 761 730 iu
781 677 849 730 Tab.
869 677 931 728 VIII
954 683 996 729 est
1013 685 1180 746 usurpatum,
1207 678 1288 730 locum
1304 677 1395 729 stellae
1412 695 1447 728 se-

273 771 385 842 paratim
402 771 546 841 quaesitum
562 772 682 825 facillime
700 779 849 842 computare
867 772 1022 842 poterimus,
1045 771 1107 840 quia
1124 789 1212 824 omnes
1230 772 1279 824 bae
1296 771 1447 841 quantitates

274 867 351 920 facile
368 873 477 937 possunt
493 867 652 937 interpolari.
706 869 790 932 Quum
811 867 931 921 Tabulae
947 867 1011 918 VIII
1034 866 1235 920 immutationem
1259 885 1326 921 anuo
1346 868 1410 920 1822
1425 869 1446 934 ⁸)

275 980 351 1032 quum
374 962 633 1027 commendavissem‚
659 963 714 1016 Cel.
731 961 853 1017 Esubios
876 964 904 1015 in
929 961 1145 1032 premeridibus
1171 962 1224 1014 suis
1247 980 1374 1032 uunquam
1390 962 1447 1016 satis

274 1059 410 1112 laudandis
428 1058 556 1112 Tabulam
574 1058 661 1123 dedit,
690 1076 757 1127 quae
774 1063 860 1110 tamen
877 1058 904 1111 in
921 1059 971 1110 hoc
989 1058 1114 1110 abhorret
1131 1058 1164 1110 ab
1181 1059 1242 1123 illa,
1265 1076 1333 1128 quae
1350 1058 1392 1110 bio
1407 1075 1447 1110 ex-

275 1152 372 1223 plicate
396 1158 449 1218 est,
476 1154 545 1224 quod
568 1171 619 1207 non
642 1153 752 1232 tempori
777 1153 878 1206 sidereo
904 1153 950 1205 sed
975 1154 1058 1206 medio
1083 1153 1195 1224 tempori
1217 1159 1259 1207 est
1281 1153 1447 1207 accomodata

275 1250 351 1313 Quae
369 1248 521 1318 dispositio,
547 1249 647 1302 etiamsi
666 1249 782 1318 singulus
800 1241 899 1300 tantum
916 1247 1007 1300 stellae
1024 1248 1098 1302 locus
1116 1249 1302 1319 computandus
1320 1257 1376 1314 est,
1398 1267 1446 1302 meo

272 1345 371 1414 judicio
388 1362 440 1397 non
458 1345 619 1398 corumodior
631 1352 672 1396 est
690 1361 765 1413 quom
784 1343 878 1408 altera,
900 1361 975 1412 quam
993 1345 1020 1396 in
1038 1344 1096 1396 aliis
1114 1345 1219 1396 casibus
1236 1362 1324 1398 reram
1342 1346 1447 1399 Tabula·

275 1457 330 1492 rum
356 1439 551 1493 reductionibus
576 1439 772 1493 inservientium
798 1440 984 1509 perfectionem
1009 1439 1090 1504 duco,
1126 1426 1259 1508 quoniam,
1290 1440 1381 1493 labore
1404 1456 1447 1491 nou

276 1541 366 1599 aucto,
390 1535 566 1588 reductionem
583 1534 734 1604 suppeditat
751 1551 798 1603 pro
816 1534 879 1604 ipsis
898 1533 1111 1588 Culmiuatiouum
1128 1535 1272 1587 momentis.
1308 1535 1447 1605 Optanduu

237 1641 238 1644 ’
276 1635 331 1694 est,
355 1631 413 1684 fore
429 1636 459 1684 ut
476 1629 664 1701 Ephemerides
689 1629 716 1681 iu
741 1636 873 1698 posterum
896 1647 998 1698 semper
1022 1630 1129 1682 similem
1154 1629 1304 1683 contineant
1321 1630 1446 1684 Tabulam.

275 1726 360 1779 Primo
384 1725 509 1794 ejusmodi
532 1725 649 1779 Tabulas
673 1741 721 1793 pro
743 1725 846 1777 saeculo
869 1726 902 1777 ab
928 1741 995 1778 anuo
1020 1724 1088 1776 1750
1112 1742 1193 1794 usque
1216 1725 1250 1777 ad
1273 1742 1366 1778 anuum
1390 1723 1446 1776 1850

275 1822 334 1874 boio
348 1821 420 1891 operi
438 1827 577 1874 annectere
594 1821 654 1874 mibi
673 1820 701 1872 in
717 1821 801 1873 animo
819 1825 885 1883 erat,
904 1821 958 1885 sed,
976 1837 1009 1873 ne
1026 1821 1146 1874 volumen
1160 1819 1234 1872 nimis
1249 1827 1363 1886 ueneat,
1379 1837 1446 1890 prae·

274 1917 336 1982 tuli,
362 1916 453 1969 annuis
470 1917 526 1969 illas
545 1915 761 1986 Epheuseridibus
777 1915 933 1985 relinquere.

346 2015 405 2076 Quo
423 2011 525 2065 facilior
540 2012 695 2064 redderetur
719 2028 781 2063 usus
805 2011 925 2063 Tabulas
943 2011 1020 2076 VIII,
1046 2011 1216 2082 legaritbmos
1240 2012 1356 2082 ipsorum
1377 2027 1403 2074 s,
1426 2010 1446 2072 l,

277 2124 300 2170 c,
320 2107 350 2172 ἀς
381 2116 416 2170 α’,
442 2105 476 2170 d',
501 2116 532 2171 c',
558 2107 593 2171 d',
625 2115 652 2160 et
670 2107 692 2158 si
714 2107 782 2160 forte
807 2107 859 2159 cito
877 2107 1022 2172 variantur,
1053 2111 1151 2161 annuas
1174 2126 1277 2179 quoque
1299 2108 1447 2162 variationes
1524 2167 1525 2186 χ

275 2220 322 2273 pro
340 2202 391 2254 600
408 2201 489 2254 stellis
505 2202 598 2256 lucidis
615 2203 774 2272 computavit
789 2203 878 2255 Celeb.
891 2195 1104 2254 Scbdmncderus
1122 2211 1210 2256 noster
1222 2205 1274 2272 '');
1291 2203 1447 2257 franciscus
1524 2191 1525 2194 ¹

275 2295 357 2367 Baby
375 2296 479 2350 eosdem
497 2297 569 2350 dedit
586 2315 633 2368 pro
652 2315 719 2350 auno
740 2295 807 2350 1830
823 2316 870 2368 pro
889 2297 970 2350 stellis
987 2297 1054 2350 2881
1077 2298 1136 2366 m).
1179 2299 1315 2369 Ejusmodi
1332 2299 1447 2368 Iogsritb-

275 2411 331 2446 mos
348 2392 390 2445 hic
407 2409 458 2444 non
476 2392 570 2462 adjeci,
586 2393 703 2462 primum,
722 2393 782 2461 quia
800 2393 858 2445 illos
876 2392 1036 2462 possidemus
1053 2411 1101 2462 pro
1119 2411 1224 2447 numero
1242 2394 1375 2448 stellarum
1391 2392 1447 2447 baud

277 2489 386 2556 exiguo,
409 2487 516 2550 deiude,
541 2487 602 2557 quia
618 2504 666 2556 pru
684 2487 771 2552 stella,
795 2488 867 2556 cujus
891 2489 963 2540 locus
989 2488 1068 2541 semel
1090 2495 1190 2542 tantum
1207 2497 1362 2560 usurpetur,
1389 2508 1447 2543 cou-

277 2585 376 2636 modius
394 2593 447 2647 est,
466 2582 667 2636 immutationem
683 2582 801 2635 Tabulae
818 2583 881 2634 VIII
900 2583 1068 2652 explicatam,
1086 2585 1133 2636 bos
1149 2585 1316 2653 logaritbmos
1332 2603 1384 2640 uon
1396 2602 1447 2654 sup

275 2685 412 2748 ponentem
426 2677 559 2741 adbibere,
576 2684 718 2747 postremo,
738 2679 798 2747 quia
816 2677 890 2748 parvi
907 2677 963 2729 illos
982 2678 1122 2731 calculandi
1139 2680 1239 2733 laboris
1255 2682 1305 2734 boc
1324 2687 1368 2735 est
1384 2699 1449 2752 prae-

276 2774 367 2839 mium,
386 2780 427 2838 ut,
450 2774 472 2827 si
490 2790 538 2843 pro
556 2772 613 2843 ipso
631 2773 834 2826 reducendorum
853 2773 1063 2826 observationum
1080 2780 1196 2845 tempore
1214 2783 1389 2845 quaeruntur,
1404 2793 1448 2830 ms-

274 2871 327 2938 jori
349 2871 481 2939 gaudeant
502 2867 682 2938 praecisione,
708 2886 784 2937 quam
808 2868 830 2920 si
852 2869 1036 2938 depromuntur
1057 2888 1073 2922 e
1096 2873 1234 2940 catalogo,
1260 2872 1304 2941 qui
1329 2891 1378 2944 pro
1406 2873 1449 2926 alio

276 2975 392 3035 tempore
409 2963 466 3016 illos
483 2964 618 3032 praebeat.
664 2963 785 3017 Ceterum
803 2982 850 3036 pro
868 2965 949 3017 stellis
966 2965 1202 3019 fundamentalibus
1226 2967 1315 3021 horum
1334 2968 1449 3038 logan'tb·

277 3077 373 3113 anorum
392 3068 463 3113 essct
478 3061 600 3128 frequens
617 3047 691 3122 usus,
720 3060 767 3112 sed
784 3078 831 3130 pro
849 3061 890 3112 bis
908 3060 1051 3130 peculiares
1073 3067 1134 3114 suut
1152 3061 1180 3114 iu
1203 3063 1253 3116 boc
1269 3063 1338 3117 libro
1357 3081 1449 3134 compo

276 3157 343 3208 sitae
361 3155 495 3219 Tabulae,
520 3155 598 3223 longe
616 3154 815 3220 commodiorem
839 3173 886 3224 pro
912 3155 993 3208 stellis
1015 3173 1079 3209 vero
1097 3156 1125 3208 in
1147 3158 1252 3228 specula
1269 3158 1450 3213 Grenorioeusl

277 3250 380 3320 saepius
400 3250 547 3303 observatis
565 3251 591 3303 iu
610 3253 676 3304 bunc
693 3251 786 3314 finem,
808 3257 837 3304 ut
854 3268 928 3303 error
944 3251 1003 3304 inde
1022 3252 1201 3306 collimatiouis
1220 3253 1381 3318 Quadrantis
1398 3271 1449 3308 eon·

277 3346 437 3410 cluderetur,
455 3346 525 3416 ipsos
544 3345 612 3400 infra
630 3363 677 3416 pro
696 3346 795 3400 decimo
813 3364 916 3417 quoque
933 3363 1000 3400 anno
1016 3348 1155 3416 proferam.

732 3591 912 3666 Tabula
958 3591 1002 3664 X.
1074 3639 1078 3654 ·

277 3738 491 3802 Adscensiones
515 3754 618 3803 rsotoe
640 3755 670 3804 st
686 3743 905 3806 Declfnotiones
924 3746 1036 3806 medios
1056 3755 1087 3806 st
1106 3757 1282 3828 apparentes
1302 3745 1451 3808 Stellam

277 3849 319 3910 36
338 3852 609 3924 fundamentals‘um
638 3866 725 3935 atque
752 3878 773 3916 α
800 3868 829 3915 et
855 3855 875 3916 d
910 3856 1009 3916 Ursae
1036 3859 1173 3932 minoris,
1209 3859 1246 3918 ad
1274 3878 1350 3918 anso
1380 3855 1451 3924 1750

571 3985 660 4045 usque
682 3968 725 4027 od
744 3987 850 4027 annuns
872 3969 955 4032 1850
976 3979 1168 4048 computatos.

348 4143 532 4214 Pervulgstum
557 4152 613 4213 est,
638 4146 834 4221 Mostelym'om
857 4148 893 4202 36
917 4151 1008 4204 stellas
1032 4151 1178 4204 inerrantes
1202 4149 1327 4221 elegisse,
1355 4159 1451 4218 quun!

278 4238 336 4292 loca
361 4240 417 4293 sols
438 4240 576 4298 adhiberet
598 4243 632 4298 ad
663 4246 881 4316 comparationem
904 4264 961 4300 cum
989 4246 1095 4317 reliquis
1120 4245 1265 4312 sideribus,
1297 4260 1400 4315 eamque
1422 4238 1450 4293 ab

314 4385 333 4442 ‘)
352 4390 520 4448 Scbumaslaer,
543 4397 727 4444 Assrsnomlsehe
746 4397 911 4442 Nacbrlclrteu.
943 4399 987 4445 ur.
1005 4400 1038 4444 10.

301 4454 333 4512 ”t
352 4462 535 4508 Astrouomlscbe
552 4466 698 4512 Ilblfstafeln
716 4469 756 4513 fur
774 4470 831 4514 11.
866 4469 975 4514 IIsfuIae.

290 4524 334 4582 m)
351 4529 450 4576 Francis
466 4533 545 4591 narro,
579 4536 636 4581 new
655 4538 730 4582 rables
748 4539 785 4582 for
802 4538 941 4596 facilisaung
958 4539 998 4584 the
1015 4541 1169 4596 computatiou
1188 4539 1215 4585 ef
1230 4536 1392 4592 amsans,
1412 4529 1450 4574 st

354 4601 457 4646 erratica
475 4603 521 4648 aad
540 4604 660 4653 Nutstlon.
695 4608 806 4664 hundini,
824 4609 881 4653 1821.
