3108 5270
254 557 336 612 hibito
353 558 538 621 instrumento,
564 553 759 624 diligentissime
776 554 912 607 collocato.
948 554 1036 608 Etiam
1053 556 1115 609 illud
1132 556 1288 623 notandum,
1306 559 1433 612 observa·

254 655 338 708 tiones
356 652 474 706 vernales
492 658 519 703 et
536 651 651 704 aestivas
667 667 768 721 semper
785 650 974 703 Adscensiones
992 657 1077 704 rectas
1096 652 1219 704 exhibere
1236 651 1267 704 δ’
1285 655 1433 724 tempsere

253 752 364 820 majores
381 765 456 818 quam
474 746 632 799 autumnales
650 752 677 799 et
694 745 830 810 hiemales,
855 746 937 815 quod,
959 764 1035 815 quum
1052 754 1080 800 et
1097 748 1123 799 in
1141 747 1284 802 vetustiore
1301 749 1371 802 etin
1389 767 1434 802 re-

254 845 369 898 centiore
384 843 555 896 instrumento
572 841 656 894 locum
675 842 787 904 habeat,
811 840 971 895 minuendam
995 861 1053 895 esse
1074 843 1273 896 aberrationem
1296 843 1434 909 indicaret,
1480 905 1482 908 .

252 941 303 994 nisi
320 958 353 993 ex
370 937 572 992 Adscensionum
589 944 717 990 reetanun
736 937 977 1002 observationibus,
998 945 1028 991 ut
1043 940 1095 1008 jam
1113 956 1193 1010 supra
1209 939 1312 1003 monui,
1332 940 1433 994 ineerta

253 1052 355 1110 semper
371 1040 442 1088 esset
457 1032 637 1086 Abemationis
654 1033 843 1087 determinatio

322 1131 425 1185 Tabula
442 1146 489 1199 pro
508 1130 556 1182 hac
574 1129 648 1181 stella
666 1135 814 1198 comparata
830 1129 906 1199 plane
923 1127 1011 1180 similis
1030 1136 1071 1182 eat
1088 1129 1138 1194 illi,
1164 1147 1239 1200 quam
1263 1147 1312 1200 pro
1329 1129 1364 1184 86
1380 1131 1432 1184 illis

252 1227 334 1281 stellis
362 1225 593 1278 fundamentalibus
619 1224 761 1294 explicari,
794 1224 839 1276 sed
868 1211 1035 1292 amplitudine
1061 1233 1101 1278 eat
1126 1226 1211 1296 paullo
1236 1227 1333 1295 major,
1362 1226 1433 1296 quod

252 1328 359 1395 propter
376 1320 522 1391 propiorem
540 1319 630 1373 stellae
648 1319 722 1372 situm
741 1320 774 1372 ml
791 1319 877 1390 polum
901 1321 1020 1374 nonnulla
1038 1323 1166 1385 membra,
1196 1339 1263 1390 quas
1287 1340 1304 1375 a
1320 1322 1434 1392 quadra-

251 1420 286 1472 tis
310 1399 494 1490 productieque
516 1415 694 1468 llberratlonls
720 1422 747 1468 et
768 1415 919 1468 Notationis
942 1416 1157 1485 proficiscuntur,
1179 1418 1232 1485 jam
1251 1417 1359 1486 alicujus
1377 1435 1433 1471 mo-

252 1514 331 1568 menti
348 1517 421 1576 suut,
439 1518 467 1564 st
484 1510 553 1580 quod
570 1511 703 1580 proposito
722 1511 843 1564 convenit
861 1529 905 1564 eas
924 1520 1012 1582 partes
1031 1511 1201 1575 Nomionis,
1219 1529 1286 1581 quae
1304 1531 1321 1566 a
1338 1512 1434 1582 duplici

252 1609 426 1678 Longitudine
444 1607 540 1659 Lunari
557 1606 718 1676 dependent,
743 1624 794 1658 non
812 1607 953 1676 negligere.
1001 1607 1090 1670 Quare
1106 1607 1209 1661 Tabula
1227 1625 1274 1678 pro
1293 1615 1435 1661 summast

252 1705 330 1760 medii
347 1704 397 1758 loci
414 1721 461 1775 pro
479 1701 553 1754 initio
571 1701 632 1754 anni
650 1710 676 1753 et
693 1702 858 1766 Nutationis‚
876 1705 1035 1771 Argumenta
1053 1720 1155 1772 quoque
1172 1715 1232 1764 Θ-Ι-
1244 1717 1269 1763 st
1290 1711 1317 1756 et
1334 1715 1350 1759 J
1370 1721 1436 1757 cou-

250 1802 334 1865 tinet,
358 1816 482 1871 expressa
499 1797 637 1851 millesimis
654 1797 818 1867 peripheriae
835 1797 954 1867 partibus
977 1807 1004 1851 et
1021 1799 1207 1868 respondentia
1223 1799 1315 1852 lisdem
1332 1806 1435 1870 tempo-

250 1897 287 1950 ris
303 1895 452 1960 momentis,
474 1893 568 1964 qulbus
586 1897 689 1946 ceterae
707 1893 839 1946 columnae
855 1894 974 1947 Tabulae
991 1895 1158 1965 respondent.
1201 1894 1277 1947 Duae
1293 1894 1434 1964 insequen-

250 1997 292 2046 tes
308 1991 435 2046 Tabellas
452 1988 663 2060 perturbationes
681 1989 814 2042 continent
831 1989 1015 2042 Adscenslonis
1038 1998 1128 2043 rectae
1150 1997 1178 2042 et
1194 1989 1381 2043 Declinationis
1400 1990 1434 2042 ab

250 2087 290 2141 lais
316 2087 481 2156 llrfflrmentls
504 2084 688 2156 dependentes.
732 2084 870 2138 Caeterum
894 2085 1008 2138 secunda
1029 2086 1148 2150 Tabula,
1180 2103 1271 2155 nempe
1293 2084 1352 2148 ills,
1382 2103 1435 2154 qua

251 2199 359 2236 annuae
376 2181 540 2235 eontinentur
557 2179 747 2245 correctiones,
766 2197 817 2232 ιιοιι
835 2199 882 2250 pro
900 2182 991 2234 stellae
1008 2181 1078 2247 loco,
1095 2181 1140 2251 qui
1158 2187 1199 2234 est
1216 2181 1290 2234 initio
1308 2196 1436 2234 annorum

252 2277 332 2343 1760,
352 2278 435 2342 1780,
455 2276 536 2340 1800,
555 2275 638 2339 1880,
658 2274 741 2340 1840,
759 2275 806 2329 sed
823 2293 871 2346 pro
889 2295 936 2340 eo,
960 2277 1005 2347 qui
1021 2277 1159 2346 unicuique
1177 2277 1228 2330 diei
1247 2276 1292 2330 illa
1309 2281 1435 2328 conterno

250 2373 422 2446 respondeat,
444 2377 593 2443 computata
611 2378 660 2424 est.
696 2371 781 2434 Quam
798 2374 832 2425 ob
850 2390 968 2426 caussam
986 2391 1071 2427 annua
1087 2373 1200 2427 variatio
1218 2371 1316 2442 primae
1333 2377 1362 2422 et
1378 2377 1435 2422 ter-

248 2469 304 2524 tiae
321 2469 468 2531 columnae,
493 2484 560 2538 quse
578 2473 619 2520 ast
641 2467 668 2520 in
689 2468 746 2535 ejus
770 2468 886 2522 secunda
909 2476 936 2522 et
958 2475 1052 2538 quarta
1074 2469 1204 2532 columne,
1231 2485 1280 2537 per
1297 2465 1435 2536 integrum

250 2581 351 2636 semper
368 2579 492 2616 annorum
509 2579 639 2616 numerum
655 2562 725 2617 inter
742 2565 866 2634 epocham
883 2566 1004 2619 Tabulae
1022 2572 1050 2619 et
1067 2583 1124 2619 eum
1142 2580 1273 2618 uulnerum
1288 2562 1367 2627 anni,
1385 2579 1434 2633 pro

250 2677 301 2730 quo
319 2659 431 2714 calculus
449 2658 638 2723 instituendus,
662 2666 704 2712 est
720 2659 922 2730 multiplicanda.

318 2779 486 2849 Exemplum.
523 2778 663 2845 Quaeritur
673 2779 763 2834 stellas
773 2781 846 2834 locus
858 2799 905 2852 pro
919 2781 1043 2837 inferiore
1055 2782 1246 2836 culminatione
1257 2779 1300 2833 dle
1313 2779 1358 2832 20.
1371 2780 1388 2832 J
1389 2777 1436 2832 ulii

250 2876 343 2930 1826
336 2894 364 2931 ιιι
380 2875 523 2931 meridiano
540 2875 754 2944 Regiomontano.

449 2970 514 3024 Dies
530 2971 654 3025 reductus
666 3009 967 3029 ..................
979 2974 1046 3027 1826
1064 2974 1115 3029 Jul.
1135 2974 1176 3038 19
1177 2969 1226 3023 551

450 3065 462 3118 i
475 3104 1072 3126 ...................................
1092 3083 1120 3133 4
1152 3067 1228 3135 1,500

1049 3171 1240 3183 --...-,

449 3207 633 3274 Argumentum
650 3204 772 3259 Tabulae
788 3243 967 3260 ...........
980 3207 1047 3260 1826
1063 3212 1113 3265 Jul.
1131 3213 1226 3276 21,o5l

246 3500 316 3554 Tab.
333 3501 415 3569 prims
432 3495 582 3568 suppeditat
595 3533 791 3549 ............
879 3467 887 3492 ’

263 3626 299 3636 -
333 3593 445 3647 secunda
463 3608 510 3663 pro
530 3590 598 3643 1820
613 3627 792 3644 ...........

264 3719 298 3732 -
367 3717 402 3729 -
466 3685 791 3756 Var.pr06annis....
883 3689 994 3752 ÷0‚19
1094 3725 1168 3758 -,

247 3796 311 3848 oa·
324 3799 349 3845 n
368 3811 413 3832 =
429 3782 481 3836 998
491 3820 791 3836 ..................
882 3814 911 3824 -
930 3785 993 3849 0,03

291 3891 307 3937 a
369 3906 415 3928 .=
431 3876 482 3931 859
492 3915 792 3933 ..................
882 3890 910 3941 4
931 3880 993 3945 0‚09
1094 3891 1122 3942 -ι-
1143 3881 1205 3945 0‚07

245 4019 331 4073 Locus
348 4033 475 4090 apparens
489 4053 791 4069 ..................
825 4015 894 4070 059
929 4015 991 4081 8,35
1039 4014 1205 4084 88284899

639 4259 669 4321 3.
713 4257 734 4318 t
766 4255 870 4322 Ursae
890 4261 1031 4324 minoris.

312 4393 422 4448 Praeter
451 4392 561 4447 melium
586 4391 670 4444 locum
693 4407 741 4462 pro
767 4407 833 4444 anno
861 4389 942 4456 1755,
976 4391 1114 4446 deductum
1142 4411 1174 4447 ss
1201 4393 1432 4450 observationibus

243 4486 431 4558 Bradlq‘cm'r,
456 4507 547 4562 nempe

526 4607 544 4640 a
562 4613 606 4636 α
622 4581 823 4648 sarmatam
859 4582 877 4638 8
893 4611 938 4635 ι--ι
954 4582 1055 4639 86080'
1064 4583 1138 4651 51”,5
